%YAML 1.1
%TAG !u! tag:unity3d.com,2011:
--- !u!1 &2879138701544748667
GameObject:
  m_ObjectHideFlags: 0
  m_CorrespondingSourceObject: {fileID: 0}
  m_PrefabInstance: {fileID: 0}
  m_PrefabAsset: {fileID: 0}
  serializedVersion: 6
  m_Component:
  - component: {fileID: 2281877349751795591}
  m_Layer: 0
  m_Name: Barrels
  m_TagString: Untagged
  m_Icon: {fileID: 0}
  m_NavMeshLayer: 0
  m_StaticEditorFlags: 0
  m_IsActive: 1
--- !u!4 &2281877349751795591
Transform:
  m_ObjectHideFlags: 0
  m_CorrespondingSourceObject: {fileID: 0}
  m_PrefabInstance: {fileID: 0}
  m_PrefabAsset: {fileID: 0}
  m_GameObject: {fileID: 2879138701544748667}
  m_LocalRotation: {x: 0, y: 0, z: 0, w: 1}
  m_LocalPosition: {x: 0, y: 0, z: 0}
  m_LocalScale: {x: 1, y: 1, z: 1}
  m_Children:
  - {fileID: 8015017360873446688}
  - {fileID: 4706070763262801852}
  - {fileID: 5218523008669931794}
  - {fileID: 2716875863488673543}
  - {fileID: 8554691365239449015}
  - {fileID: 37562082488018281}
  - {fileID: 4774958530989526843}
  m_Father: {fileID: 0}
  m_RootOrder: 0
  m_LocalEulerAnglesHint: {x: 0, y: 0, z: 0}
--- !u!1001 &39203630534198203
PrefabInstance:
  m_ObjectHideFlags: 0
  serializedVersion: 2
  m_Modification:
    m_TransformParent: {fileID: 2281877349751795591}
    m_Modifications:
    - target: {fileID: 1000012407837468, guid: 9732a241b7bd0fa4a8e59553d6d8a2b0, type: 3}
      propertyPath: m_Name
      value: Barrel_v3_quadro
      objectReference: {fileID: 0}
    - target: {fileID: 4000011765245650, guid: 9732a241b7bd0fa4a8e59553d6d8a2b0, type: 3}
      propertyPath: m_RootOrder
      value: 5
      objectReference: {fileID: 0}
    - target: {fileID: 4000011765245650, guid: 9732a241b7bd0fa4a8e59553d6d8a2b0, type: 3}
      propertyPath: m_LocalPosition.x
      value: 0
      objectReference: {fileID: 0}
    - target: {fileID: 4000011765245650, guid: 9732a241b7bd0fa4a8e59553d6d8a2b0, type: 3}
      propertyPath: m_LocalPosition.y
      value: 0.457
      objectReference: {fileID: 0}
    - target: {fileID: 4000011765245650, guid: 9732a241b7bd0fa4a8e59553d6d8a2b0, type: 3}
      propertyPath: m_LocalPosition.z
      value: 0
      objectReference: {fileID: 0}
    - target: {fileID: 4000011765245650, guid: 9732a241b7bd0fa4a8e59553d6d8a2b0, type: 3}
      propertyPath: m_LocalRotation.w
      value: 1
      objectReference: {fileID: 0}
    - target: {fileID: 4000011765245650, guid: 9732a241b7bd0fa4a8e59553d6d8a2b0, type: 3}
      propertyPath: m_LocalRotation.x
      value: -0
      objectReference: {fileID: 0}
    - target: {fileID: 4000011765245650, guid: 9732a241b7bd0fa4a8e59553d6d8a2b0, type: 3}
      propertyPath: m_LocalRotation.y
      value: -0
      objectReference: {fileID: 0}
    - target: {fileID: 4000011765245650, guid: 9732a241b7bd0fa4a8e59553d6d8a2b0, type: 3}
      propertyPath: m_LocalRotation.z
      value: -0
      objectReference: {fileID: 0}
    - target: {fileID: 4000011765245650, guid: 9732a241b7bd0fa4a8e59553d6d8a2b0, type: 3}
      propertyPath: m_LocalEulerAnglesHint.x
      value: 0
      objectReference: {fileID: 0}
    - target: {fileID: 4000011765245650, guid: 9732a241b7bd0fa4a8e59553d6d8a2b0, type: 3}
      propertyPath: m_LocalEulerAnglesHint.y
      value: 0
      objectReference: {fileID: 0}
    - target: {fileID: 4000011765245650, guid: 9732a241b7bd0fa4a8e59553d6d8a2b0, type: 3}
      propertyPath: m_LocalEulerAnglesHint.z
      value: 0
      objectReference: {fileID: 0}
    m_RemovedComponents: []
  m_SourcePrefab: {fileID: 100100000, guid: 9732a241b7bd0fa4a8e59553d6d8a2b0, type: 3}
--- !u!4 &37562082488018281 stripped
Transform:
  m_CorrespondingSourceObject: {fileID: 4000011765245650, guid: 9732a241b7bd0fa4a8e59553d6d8a2b0,
    type: 3}
  m_PrefabInstance: {fileID: 39203630534198203}
  m_PrefabAsset: {fileID: 0}
--- !u!1001 &2718623627594626409
PrefabInstance:
  m_ObjectHideFlags: 0
  serializedVersion: 2
  m_Modification:
    m_TransformParent: {fileID: 2281877349751795591}
    m_Modifications:
    - target: {fileID: 1000012001423700, guid: efaf0e3818a9ab240983b51198f0a77a, type: 3}
      propertyPath: m_Name
      value: Barrel_v2_quadro
      objectReference: {fileID: 0}
    - target: {fileID: 4000010799792750, guid: efaf0e3818a9ab240983b51198f0a77a, type: 3}
      propertyPath: m_RootOrder
      value: 3
      objectReference: {fileID: 0}
    - target: {fileID: 4000010799792750, guid: efaf0e3818a9ab240983b51198f0a77a, type: 3}
      propertyPath: m_LocalPosition.x
      value: 0
      objectReference: {fileID: 0}
    - target: {fileID: 4000010799792750, guid: efaf0e3818a9ab240983b51198f0a77a, type: 3}
      propertyPath: m_LocalPosition.y
      value: 0.457
      objectReference: {fileID: 0}
    - target: {fileID: 4000010799792750, guid: efaf0e3818a9ab240983b51198f0a77a, type: 3}
      propertyPath: m_LocalPosition.z
      value: 0
      objectReference: {fileID: 0}
    - target: {fileID: 4000010799792750, guid: efaf0e3818a9ab240983b51198f0a77a, type: 3}
      propertyPath: m_LocalRotation.w
      value: 1
      objectReference: {fileID: 0}
    - target: {fileID: 4000010799792750, guid: efaf0e3818a9ab240983b51198f0a77a, type: 3}
      propertyPath: m_LocalRotation.x
      value: -0
      objectReference: {fileID: 0}
    - target: {fileID: 4000010799792750, guid: efaf0e3818a9ab240983b51198f0a77a, type: 3}
      propertyPath: m_LocalRotation.y
      value: -0
      objectReference: {fileID: 0}
    - target: {fileID: 4000010799792750, guid: efaf0e3818a9ab240983b51198f0a77a, type: 3}
      propertyPath: m_LocalRotation.z
      value: -0
      objectReference: {fileID: 0}
    - target: {fileID: 4000010799792750, guid: efaf0e3818a9ab240983b51198f0a77a, type: 3}
      propertyPath: m_LocalEulerAnglesHint.x
      value: 0
      objectReference: {fileID: 0}
    - target: {fileID: 4000010799792750, guid: efaf0e3818a9ab240983b51198f0a77a, type: 3}
      propertyPath: m_LocalEulerAnglesHint.y
      value: 0
      objectReference: {fileID: 0}
    - target: {fileID: 4000010799792750, guid: efaf0e3818a9ab240983b51198f0a77a, type: 3}
      propertyPath: m_LocalEulerAnglesHint.z
      value: 0
      objectReference: {fileID: 0}
    m_RemovedComponents: []
  m_SourcePrefab: {fileID: 100100000, guid: efaf0e3818a9ab240983b51198f0a77a, type: 3}
--- !u!4 &2716875863488673543 stripped
Transform:
  m_CorrespondingSourceObject: {fileID: 4000010799792750, guid: efaf0e3818a9ab240983b51198f0a77a,
    type: 3}
  m_PrefabInstance: {fileID: 2718623627594626409}
  m_PrefabAsset: {fileID: 0}
--- !u!1001 &4702153360814858566
PrefabInstance:
  m_ObjectHideFlags: 0
  serializedVersion: 2
  m_Modification:
    m_TransformParent: {fileID: 2281877349751795591}
    m_Modifications:
    - target: {fileID: 1000011599446456, guid: 17002e90aebb00b40a69cf6fe9083dfc, type: 3}
      propertyPath: m_Name
      value: Barrel_v1_LD2
      objectReference: {fileID: 0}
    - target: {fileID: 4000012210411258, guid: 17002e90aebb00b40a69cf6fe9083dfc, type: 3}
      propertyPath: m_RootOrder
      value: 1
      objectReference: {fileID: 0}
    - target: {fileID: 4000012210411258, guid: 17002e90aebb00b40a69cf6fe9083dfc, type: 3}
      propertyPath: m_LocalPosition.x
      value: -1
      objectReference: {fileID: 0}
    - target: {fileID: 4000012210411258, guid: 17002e90aebb00b40a69cf6fe9083dfc, type: 3}
      propertyPath: m_LocalPosition.y
      value: 0.5
      objectReference: {fileID: 0}
    - target: {fileID: 4000012210411258, guid: 17002e90aebb00b40a69cf6fe9083dfc, type: 3}
      propertyPath: m_LocalPosition.z
      value: 0
      objectReference: {fileID: 0}
    - target: {fileID: 4000012210411258, guid: 17002e90aebb00b40a69cf6fe9083dfc, type: 3}
      propertyPath: m_LocalRotation.w
      value: 1
      objectReference: {fileID: 0}
    - target: {fileID: 4000012210411258, guid: 17002e90aebb00b40a69cf6fe9083dfc, type: 3}
      propertyPath: m_LocalRotation.x
      value: -0
      objectReference: {fileID: 0}
    - target: {fileID: 4000012210411258, guid: 17002e90aebb00b40a69cf6fe9083dfc, type: 3}
      propertyPath: m_LocalRotation.y
      value: -0
      objectReference: {fileID: 0}
    - target: {fileID: 4000012210411258, guid: 17002e90aebb00b40a69cf6fe9083dfc, type: 3}
      propertyPath: m_LocalRotation.z
      value: -0
      objectReference: {fileID: 0}
    - target: {fileID: 4000012210411258, guid: 17002e90aebb00b40a69cf6fe9083dfc, type: 3}
      propertyPath: m_LocalEulerAnglesHint.x
      value: 0
      objectReference: {fileID: 0}
    - target: {fileID: 4000012210411258, guid: 17002e90aebb00b40a69cf6fe9083dfc, type: 3}
      propertyPath: m_LocalEulerAnglesHint.y
      value: 0
      objectReference: {fileID: 0}
    - target: {fileID: 4000012210411258, guid: 17002e90aebb00b40a69cf6fe9083dfc, type: 3}
      propertyPath: m_LocalEulerAnglesHint.z
      value: 0
      objectReference: {fileID: 0}
    m_RemovedComponents: []
  m_SourcePrefab: {fileID: 100100000, guid: 17002e90aebb00b40a69cf6fe9083dfc, type: 3}
--- !u!4 &4706070763262801852 stripped
Transform:
  m_CorrespondingSourceObject: {fileID: 4000012210411258, guid: 17002e90aebb00b40a69cf6fe9083dfc,
    type: 3}
  m_PrefabInstance: {fileID: 4702153360814858566}
  m_PrefabAsset: {fileID: 0}
--- !u!1001 &4776694682612582687
PrefabInstance:
  m_ObjectHideFlags: 0
  serializedVersion: 2
  m_Modification:
    m_TransformParent: {fileID: 2281877349751795591}
    m_Modifications:
    - target: {fileID: 1000012364095318, guid: a62abbb708e3f49489bde29e5cfc3ebd, type: 3}
      propertyPath: m_Name
      value: Barrel_v3_single
      objectReference: {fileID: 0}
    - target: {fileID: 4000011713300004, guid: a62abbb708e3f49489bde29e5cfc3ebd, type: 3}
      propertyPath: m_RootOrder
      value: 6
      objectReference: {fileID: 0}
    - target: {fileID: 4000011713300004, guid: a62abbb708e3f49489bde29e5cfc3ebd, type: 3}
      propertyPath: m_LocalPosition.x
      value: 0
      objectReference: {fileID: 0}
    - target: {fileID: 4000011713300004, guid: a62abbb708e3f49489bde29e5cfc3ebd, type: 3}
      propertyPath: m_LocalPosition.y
      value: 0.348
      objectReference: {fileID: 0}
    - target: {fileID: 4000011713300004, guid: a62abbb708e3f49489bde29e5cfc3ebd, type: 3}
      propertyPath: m_LocalPosition.z
      value: 0
      objectReference: {fileID: 0}
    - target: {fileID: 4000011713300004, guid: a62abbb708e3f49489bde29e5cfc3ebd, type: 3}
      propertyPath: m_LocalRotation.w
      value: 1
      objectReference: {fileID: 0}
    - target: {fileID: 4000011713300004, guid: a62abbb708e3f49489bde29e5cfc3ebd, type: 3}
      propertyPath: m_LocalRotation.x
      value: -0
      objectReference: {fileID: 0}
    - target: {fileID: 4000011713300004, guid: a62abbb708e3f49489bde29e5cfc3ebd, type: 3}
      propertyPath: m_LocalRotation.y
      value: -0
      objectReference: {fileID: 0}
    - target: {fileID: 4000011713300004, guid: a62abbb708e3f49489bde29e5cfc3ebd, type: 3}
      propertyPath: m_LocalRotation.z
      value: -0
      objectReference: {fileID: 0}
    - target: {fileID: 4000011713300004, guid: a62abbb708e3f49489bde29e5cfc3ebd, type: 3}
      propertyPath: m_LocalEulerAnglesHint.x
      value: 0
      objectReference: {fileID: 0}
    - target: {fileID: 4000011713300004, guid: a62abbb708e3f49489bde29e5cfc3ebd, type: 3}
      propertyPath: m_LocalEulerAnglesHint.y
      value: 0
      objectReference: {fileID: 0}
    - target: {fileID: 4000011713300004, guid: a62abbb708e3f49489bde29e5cfc3ebd, type: 3}
      propertyPath: m_LocalEulerAnglesHint.z
      value: 0
      objectReference: {fileID: 0}
    m_RemovedComponents: []
  m_SourcePrefab: {fileID: 100100000, guid: a62abbb708e3f49489bde29e5cfc3ebd, type: 3}
--- !u!4 &4774958530989526843 stripped
Transform:
  m_CorrespondingSourceObject: {fileID: 4000011713300004, guid: a62abbb708e3f49489bde29e5cfc3ebd,
    type: 3}
  m_PrefabInstance: {fileID: 4776694682612582687}
  m_PrefabAsset: {fileID: 0}
--- !u!1001 &5216820910564958806
PrefabInstance:
  m_ObjectHideFlags: 0
  serializedVersion: 2
  m_Modification:
    m_TransformParent: {fileID: 2281877349751795591}
    m_Modifications:
    - target: {fileID: 1000012581530574, guid: 85a8f6f8dca77df4e9c05f21b5e8ed87, type: 3}
      propertyPath: m_Name
      value: Barrel_v1_LD3
      objectReference: {fileID: 0}
    - target: {fileID: 4000012177816388, guid: 85a8f6f8dca77df4e9c05f21b5e8ed87, type: 3}
      propertyPath: m_RootOrder
      value: 2
      objectReference: {fileID: 0}
    - target: {fileID: 4000012177816388, guid: 85a8f6f8dca77df4e9c05f21b5e8ed87, type: 3}
      propertyPath: m_LocalPosition.x
      value: -1
      objectReference: {fileID: 0}
    - target: {fileID: 4000012177816388, guid: 85a8f6f8dca77df4e9c05f21b5e8ed87, type: 3}
      propertyPath: m_LocalPosition.y
      value: 0.5
      objectReference: {fileID: 0}
    - target: {fileID: 4000012177816388, guid: 85a8f6f8dca77df4e9c05f21b5e8ed87, type: 3}
      propertyPath: m_LocalPosition.z
      value: 0
      objectReference: {fileID: 0}
    - target: {fileID: 4000012177816388, guid: 85a8f6f8dca77df4e9c05f21b5e8ed87, type: 3}
      propertyPath: m_LocalRotation.w
      value: 1
      objectReference: {fileID: 0}
    - target: {fileID: 4000012177816388, guid: 85a8f6f8dca77df4e9c05f21b5e8ed87, type: 3}
      propertyPath: m_LocalRotation.x
      value: -0
      objectReference: {fileID: 0}
    - target: {fileID: 4000012177816388, guid: 85a8f6f8dca77df4e9c05f21b5e8ed87, type: 3}
      propertyPath: m_LocalRotation.y
      value: -0
      objectReference: {fileID: 0}
    - target: {fileID: 4000012177816388, guid: 85a8f6f8dca77df4e9c05f21b5e8ed87, type: 3}
      propertyPath: m_LocalRotation.z
      value: -0
      objectReference: {fileID: 0}
    - target: {fileID: 4000012177816388, guid: 85a8f6f8dca77df4e9c05f21b5e8ed87, type: 3}
      propertyPath: m_LocalEulerAnglesHint.x
      value: 0
      objectReference: {fileID: 0}
    - target: {fileID: 4000012177816388, guid: 85a8f6f8dca77df4e9c05f21b5e8ed87, type: 3}
      propertyPath: m_LocalEulerAnglesHint.y
      value: 0
      objectReference: {fileID: 0}
    - target: {fileID: 4000012177816388, guid: 85a8f6f8dca77df4e9c05f21b5e8ed87, type: 3}
      propertyPath: m_LocalEulerAnglesHint.z
      value: 0
      objectReference: {fileID: 0}
    m_RemovedComponents: []
  m_SourcePrefab: {fileID: 100100000, guid: 85a8f6f8dca77df4e9c05f21b5e8ed87, type: 3}
--- !u!4 &5218523008669931794 stripped
Transform:
  m_CorrespondingSourceObject: {fileID: 4000012177816388, guid: 85a8f6f8dca77df4e9c05f21b5e8ed87,
    type: 3}
  m_PrefabInstance: {fileID: 5216820910564958806}
  m_PrefabAsset: {fileID: 0}
--- !u!1001 &8013375082462034506
PrefabInstance:
  m_ObjectHideFlags: 0
  serializedVersion: 2
  m_Modification:
    m_TransformParent: {fileID: 2281877349751795591}
    m_Modifications:
    - target: {fileID: 1000012087368230, guid: a22c0c7e17126fa4f89534dc98bcac8f, type: 3}
      propertyPath: m_Name
      value: Barrel_v1_LD1
      objectReference: {fileID: 0}
    - target: {fileID: 4000011716061034, guid: a22c0c7e17126fa4f89534dc98bcac8f, type: 3}
      propertyPath: m_RootOrder
      value: 0
      objectReference: {fileID: 0}
    - target: {fileID: 4000011716061034, guid: a22c0c7e17126fa4f89534dc98bcac8f, type: 3}
      propertyPath: m_LocalPosition.x
      value: -1
      objectReference: {fileID: 0}
    - target: {fileID: 4000011716061034, guid: a22c0c7e17126fa4f89534dc98bcac8f, type: 3}
      propertyPath: m_LocalPosition.y
      value: 0.5
      objectReference: {fileID: 0}
    - target: {fileID: 4000011716061034, guid: a22c0c7e17126fa4f89534dc98bcac8f, type: 3}
      propertyPath: m_LocalPosition.z
      value: 0
      objectReference: {fileID: 0}
    - target: {fileID: 4000011716061034, guid: a22c0c7e17126fa4f89534dc98bcac8f, type: 3}
      propertyPath: m_LocalRotation.w
      value: 1
      objectReference: {fileID: 0}
    - target: {fileID: 4000011716061034, guid: a22c0c7e17126fa4f89534dc98bcac8f, type: 3}
      propertyPath: m_LocalRotation.x
      value: -0
      objectReference: {fileID: 0}
    - target: {fileID: 4000011716061034, guid: a22c0c7e17126fa4f89534dc98bcac8f, type: 3}
      propertyPath: m_LocalRotation.y
      value: -0
      objectReference: {fileID: 0}
    - target: {fileID: 4000011716061034, guid: a22c0c7e17126fa4f89534dc98bcac8f, type: 3}
      propertyPath: m_LocalRotation.z
      value: -0
      objectReference: {fileID: 0}
    - target: {fileID: 4000011716061034, guid: a22c0c7e17126fa4f89534dc98bcac8f, type: 3}
      propertyPath: m_LocalEulerAnglesHint.x
      value: 0
      objectReference: {fileID: 0}
    - target: {fileID: 4000011716061034, guid: a22c0c7e17126fa4f89534dc98bcac8f, type: 3}
      propertyPath: m_LocalEulerAnglesHint.y
      value: 0
      objectReference: {fileID: 0}
    - target: {fileID: 4000011716061034, guid: a22c0c7e17126fa4f89534dc98bcac8f, type: 3}
      propertyPath: m_LocalEulerAnglesHint.z
      value: 0
      objectReference: {fileID: 0}
    m_RemovedComponents: []
  m_SourcePrefab: {fileID: 100100000, guid: a22c0c7e17126fa4f89534dc98bcac8f, type: 3}
--- !u!4 &8015017360873446688 stripped
Transform:
  m_CorrespondingSourceObject: {fileID: 4000011716061034, guid: a22c0c7e17126fa4f89534dc98bcac8f,
    type: 3}
  m_PrefabInstance: {fileID: 8013375082462034506}
  m_PrefabAsset: {fileID: 0}
--- !u!1001 &8554142765349943383
PrefabInstance:
  m_ObjectHideFlags: 0
  serializedVersion: 2
  m_Modification:
    m_TransformParent: {fileID: 2281877349751795591}
    m_Modifications:
    - target: {fileID: 1000013510172720, guid: ddf0187b9b9cef54bab5c9c49969758a, type: 3}
      propertyPath: m_Name
      value: Barrel_v2_single
      objectReference: {fileID: 0}
    - target: {fileID: 4000010997587424, guid: ddf0187b9b9cef54bab5c9c49969758a, type: 3}
      propertyPath: m_RootOrder
      value: 4
      objectReference: {fileID: 0}
    - target: {fileID: 4000010997587424, guid: ddf0187b9b9cef54bab5c9c49969758a, type: 3}
      propertyPath: m_LocalPosition.x
      value: 0
      objectReference: {fileID: 0}
    - target: {fileID: 4000010997587424, guid: ddf0187b9b9cef54bab5c9c49969758a, type: 3}
      propertyPath: m_LocalPosition.y
      value: 0.457
      objectReference: {fileID: 0}
    - target: {fileID: 4000010997587424, guid: ddf0187b9b9cef54bab5c9c49969758a, type: 3}
      propertyPath: m_LocalPosition.z
      value: 0
      objectReference: {fileID: 0}
    - target: {fileID: 4000010997587424, guid: ddf0187b9b9cef54bab5c9c49969758a, type: 3}
      propertyPath: m_LocalRotation.w
      value: 1
      objectReference: {fileID: 0}
    - target: {fileID: 4000010997587424, guid: ddf0187b9b9cef54bab5c9c49969758a, type: 3}
      propertyPath: m_LocalRotation.x
      value: -0
      objectReference: {fileID: 0}
    - target: {fileID: 4000010997587424, guid: ddf0187b9b9cef54bab5c9c49969758a, type: 3}
      propertyPath: m_LocalRotation.y
      value: -0
      objectReference: {fileID: 0}
    - target: {fileID: 4000010997587424, guid: ddf0187b9b9cef54bab5c9c49969758a, type: 3}
      propertyPath: m_LocalRotation.z
      value: -0
      objectReference: {fileID: 0}
    - target: {fileID: 4000010997587424, guid: ddf0187b9b9cef54bab5c9c49969758a, type: 3}
      propertyPath: m_LocalEulerAnglesHint.x
      value: 0
      objectReference: {fileID: 0}
    - target: {fileID: 4000010997587424, guid: ddf0187b9b9cef54bab5c9c49969758a, type: 3}
      propertyPath: m_LocalEulerAnglesHint.y
      value: 0
      objectReference: {fileID: 0}
    - target: {fileID: 4000010997587424, guid: ddf0187b9b9cef54bab5c9c49969758a, type: 3}
      propertyPath: m_LocalEulerAnglesHint.z
      value: 0
      objectReference: {fileID: 0}
    m_RemovedComponents: []
  m_SourcePrefab: {fileID: 100100000, guid: ddf0187b9b9cef54bab5c9c49969758a, type: 3}
--- !u!4 &8554691365239449015 stripped
Transform:
  m_CorrespondingSourceObject: {fileID: 4000010997587424, guid: ddf0187b9b9cef54bab5c9c49969758a,
    type: 3}
  m_PrefabInstance: {fileID: 8554142765349943383}
  m_PrefabAsset: {fileID: 0}
